@misc{ronneberger2015unetconvolutionalnetworksbiomedical,
      title={U-Net: Convolutional Networks for Biomedical Image Segmentation}, 
      author={Olaf Ronneberger and Philipp Fischer and Thomas Brox},
      year={2015},
      eprint={1505.04597},
      archivePrefix={arXiv},
      primaryClass={cs.CV},
      url={https://arxiv.org/abs/1505.04597}, 
}
@misc{kingma2022autoencodingvariationalbayes,
      title={Auto-Encoding Variational Bayes}, 
      author={Diederik P Kingma and Max Welling},
      year={2022},
      eprint={1312.6114},
      archivePrefix={arXiv},
      primaryClass={stat.ML},
      url={https://arxiv.org/abs/1312.6114}, 
}
@misc{ho2020denoisingdiffusionprobabilisticmodels,
      title={Denoising Diffusion Probabilistic Models}, 
      author={Jonathan Ho and Ajay Jain and Pieter Abbeel},
      year={2020},
      eprint={2006.11239},
      archivePrefix={arXiv},
      primaryClass={cs.LG},
      url={https://arxiv.org/abs/2006.11239}, 
}
@inproceedings{deng2009imagenet,
      author={Deng, Jia and Dong, Wei and Socher, Richard and Li, Li-Jia and Kai Li and Li Fei-Fei},
      booktitle={2009 IEEE Conference on Computer Vision and Pattern Recognition}, 
      title={ImageNet: A large-scale hierarchical image database}, 
      year={2009},
      volume={},
      number={},
      pages={248-255},
      keywords={Large-scale systems;Image databases;Explosions;Internet;Robustness;Information retrieval;Image retrieval;Multimedia databases;Ontologies;Spine},
      doi={10.1109/CVPR.2009.5206848}
}
@misc{heusel2018ganstrainedtimescaleupdate,
      title={GANs Trained by a Two Time-Scale Update Rule Converge to a Local Nash Equilibrium}, 
      author={Martin Heusel and Hubert Ramsauer and Thomas Unterthiner and Bernhard Nessler and Sepp Hochreiter},
      year={2018},
      eprint={1706.08500},
      archivePrefix={arXiv},
      primaryClass={cs.LG},
      url={https://arxiv.org/abs/1706.08500}, 
}
@misc{lin2015microsoftcococommonobjects,
      title={Microsoft COCO: Common Objects in Context}, 
      author={Tsung-Yi Lin and Michael Maire and Serge Belongie and Lubomir Bourdev and Ross Girshick and James Hays and Pietro Perona and Deva Ramanan and C. Lawrence Zitnick and Piotr Dollár},
      year={2015},
      eprint={1405.0312},
      archivePrefix={arXiv},
      primaryClass={cs.CV},
      url={https://arxiv.org/abs/1405.0312}, 
}
@misc{lin2023designbenchexploringbenchmarkingdalle,
      title={DEsignBench: Exploring and Benchmarking DALL-E 3 for Imagining Visual Design}, 
      author={Kevin Lin and Zhengyuan Yang and Linjie Li and Jianfeng Wang and Lijuan Wang},
      year={2023},
      eprint={2310.15144},
      archivePrefix={arXiv},
      primaryClass={cs.CV},
      url={https://arxiv.org/abs/2310.15144}, 
}
@misc{yasunaga2022retrievalaugmentedmultimodellanguagemodeling,
      title={Retrieval-Augmented Multimodal Language Modeling}, 
      author={Michihiro Yasunaga and Armen Aghajanyan and Weijia Shi and Rich James and Jure Leskovec and Percy Liang and Mike Lewis and Luke Zettlemoyer and Wen-tau Yih},
      year={2022},
      primaryClass={cs.CV},
      url={https://paperswithcode.com/paper/retrieval-augmented-multimodal-language}, 
}
@inproceedings{ko2023largescaletexttoimagegenartionmodelsforvisualartists,
      author = {Hyung-Kwon Ko and Gwanmo Park and Hyeon Jeon and Jaemin Jo and Juho Kim and Jinwook Seo},
      title = {Large-scale Text-to-Image Generation Models for Visual Artists’ Creative Works},
      year = {2023},
      isbn = {9798400701061},
      publisher = {Association for Computing Machinery},
      address = {New York, NY, USA},
      url = {https://doi.org/10.1145/3581641.3584078},
      doi = {10.1145/3581641.3584078},
      booktitle = {Proceedings of the 28th International Conference on Intelligent User Interfaces},
      pages = {919–933},
      numpages = {15},
      keywords = {DALL-E, Large-scale text-to-image generation model, interview study, literature review, visual artists},
      location = {Sydney, NSW, Australia},
      series = {IUI '23}
}
@article{vimpari2023texttoimagegenerationaibygameprofessionals,
      title={“{A}n Adapt-or-Die Type of Situation”: Perception, Adoption, and Use of Text-to-Image-Generation AI by Game Industry Professionals},
      volume={7},
      issn={2573-0142},
      url={http://dx.doi.org/10.1145/3611025},
      DOI={10.1145/3611025},
      number={CHI PLAY},
      journal={Proceedings of the ACM on Human-Computer Interaction},
      publisher={Association for Computing Machinery (ACM)},
      author={Vimpari, Veera and Kultima, Annakaisa and Hämäläinen, Perttu and Guckelsberger, Christian},
      year={2023},
      month=sep, 
      pages={131–164}
}
@book{sekban2022artandarchtitecture,
      author = {Demet Ulku Gulpinar Sekban and G{\"u}ls{\"u}m Ta{\c{c}} and Hatice Kalfao{\u{g}}lu Hatipo{\u{g}}lu and P{\i}nar {\"O}zge Parlak  and Banu {\c{C}}i{\c{c}}ek Kurdo{\u{g}}lu and Rifat Olgun and Serap Yilmaz and Nida Kurak and Elif Merve Alpak and Tu{\u{g}}ba D{\"u}zenl{\.{i}} and Elif Bayramo{\u{g}}lu and Seyhan Seyhan and Erdem Yildirim and S. Asal Hojjat{\.{i}} and {\.I}lkay {\"O}zdem{\.{i}}r and Didem G{\"u}ne{\c{s}} Yilmaz and Kamuran Karaa{\u{g}}a{\c{c}} and Gonca B{\"u}y{\"u}kmih{\c{c}}i and Ay{\c{s}}eg{\"u}l Ak{\c{s}}eh{\.{i}}rl{\.{i}}o{\u{g}}lu},
      year = {2022},
      title = {Art and Architecture: Theory, Practice and Experience},
      isbn = {978-2-382-36493-2},
      publisher = {Livre de Lyon},
}
@article{vartiainen2023aiincraftseducation,
      author = {Henriikka Vartiainen and Matti Tedre},
      title = {Using artificial intelligence in craft education: crafting with text-to-image generative models},
      journal = {Digital Creativity},
      volume = {34},
      number = {1},
      pages = {1--21},
      year = {2023},
      publisher = {CAA Website},
      doi = {10.1080/14626268.2023.2174557},
      url = {https://doi.org/10.1080/14626268.2023.2174557},
      eprint = {https://doi.org/10.1080/14626268.2023.2174557}
}
@article{miao2023aiintourism,
      title = {Text-to-image AI tools and tourism experiences},
      journal = {Annals of Tourism Research},
      volume = {102},
      pages = {103642},
      year = {2023},
      issn = {0160-7383},
      doi = {https://doi.org/10.1016/j.annals.2023.103642},
      url = {https://www.sciencedirect.com/science/article/pii/S0160738323001159},
      author = {Li Miao and Fiona X. Yang},
      keywords = {Artificial intelligence, Generative AI, Text-to-image, Tourism experience}
}
@article{correctiv2023pentagonexplosion,
	author = {Kimberly Nicolaus},
      date = {2023-05-24},
      year = {2023},
      month = may,
	title = {{K}ünstliche {I}ntelligenz: {W}ie ein {F}ake-{F}oto einer {E}xplosion am {P}entagon um die {W}elt ging},
      journal = {Correctiv},
	url = {https://correctiv.org/faktencheck/2023/05/24/kuenstliche-intelligenz-wie-ein-fake-foto-einer-explosion-am-pentagon-um-die-welt-ging/},
	note = {[Accessed 27-08-2024]},
}
@misc{neupane2023impactsriskgenerativeai,
      title={Impacts and Risk of Generative AI Technology on Cyber Defense}, 
      author={Subash Neupane and Ivan A. Fernandez and Sudip Mittal and Shahram Rahimi},
      year={2023},
      eprint={2306.13033},
      archivePrefix={arXiv},
      primaryClass={cs.CR},
      url={https://arxiv.org/abs/2306.13033}, 
}
@inproceedings{naik2023socialbiasesthroughtexttoimage,
      author = {Ranjita Naik and Besmira Nushi},
      title = {Social Biases through the Text-to-Image Generation Lens},
      year = {2023},
      isbn = {9798400702310},
      publisher = {Association for Computing Machinery},
      address = {New York, NY, USA},
      url = {https://doi.org/10.1145/3600211.3604711},
      doi = {10.1145/3600211.3604711},
      booktitle = {Proceedings of the 2023 AAAI/ACM Conference on AI, Ethics, and Society},
      pages = {786–808},
      numpages = {23},
      keywords = {representational fairness, social biases, text-to-image generation},
      location = {Montr\'{e}al, QC, Canada},
      series = {AIES '23}
}
@inproceedings{mim2024impactoftexttoimagetoolsinglobalsouth,
      author = {Nusrat Jahan Mim and Dipannita Nandi and Sadaf Sumyia Khan and Arundhuti Dey and Syed Ishtiaque Ahmed},
      title = {In-Between Visuals and Visible: The Impacts of Text-to-Image Generative AI Tools on Digital Image-making Practices in the Global South},
      year = {2024},
      isbn = {9798400703300},
      publisher = {Association for Computing Machinery},
      address = {New York, NY, USA},
      url = {https://doi.org/10.1145/3613904.3641951},
      doi = {10.1145/3613904.3641951},
      booktitle = {Proceedings of the CHI Conference on Human Factors in Computing Systems},
      articleno = {474},
      numpages = {18},
      keywords = {Architecture, Art, Artificial Intelligence, Generative AI, Image, Urban Design},
      location = {Honolulu, HI, USA},
      series = {CHI '24}
}
@article{cnn2023gettyimagesvsstabilityai,
	author = {Jennifer Korn},
      date = {2023-01-18},
      year = {2023},
      month = jan,
	title = {Getty Images suing the makers of popular AI art tool for allegedly stealing photos},
      journal = {CNN Business},
	url = {https://edition.cnn.com/2023/01/17/tech/getty-images-stability-ai-lawsuit/index.html},
	note = {[Accessed 27-08-2024]},
}
@inproceedings{devlin2019bert,
    title = {{BERT}: Pre-training of Deep Bidirectional Transformers for Language Understanding},
    author = {Jacob Devlin and Ming-Wei Chang and Kenton Lee and Kristina Toutanova},
    editor = {Jill Burstein  and Christy Doran  and Thamar Solorio},
    booktitle = {Proceedings of the 2019 Conference of the North {A}merican Chapter of the Association for Computational Linguistics: Human Language Technologies, Volume 1 (Long and Short Papers)},
    month = jun,
    year = {2019},
    address = {Minneapolis, Minnesota},
    publisher = {Association for Computational Linguistics},
    url = {https://aclanthology.org/N19-1423},
    doi = {10.18653/v1/N19-1423},
    pages = {4171--4186},
}
@inproceedings{rombach2022stablediffusion,
  author={Robin Rombach and Andreas Blattmann and Dominik Lorenz and Patrick Esser and Björn Ommer},
  booktitle={2022 IEEE/CVF Conference on Computer Vision and Pattern Recognition (CVPR)}, 
  title={High-Resolution Image Synthesis with Latent Diffusion Models}, 
  year={2022},
  volume={},
  number={},
  pages={10674-10685},
  keywords={Training;Visualization;Image synthesis;Computational modeling;Noise reduction;Superresolution;Process control;Image and video synthesis and generation},
  doi={10.1109/CVPR52688.2022.01042}
}
@inproceedings{ding2021cogviewmasteringtexttoimagegeneration,
      author = {Ming Ding and Zhuoyi Yang and Wenyi Hong and Wendi Zheng and Chang Zhou and Da Yin and Junyang Lin and Xu Zou and Zhou Shao and Hongxia Yang and Jie Tang},
      title = {CogView: mastering text-to-image generation via transformers},
      year = {2024},
      isbn = {9781713845393},
      publisher = {Curran Associates Inc.},
      address = {Red Hook, NY, USA},
      abstract = {Text-to-Image generation in the general domain has long been an open problem, which requires both a powerful generative model and cross-modal understanding. We propose CogView, a 4-billion-parameter Transformer with VQ-VAE tokenizer to advance this problem. We also demonstrate the finetuning strategies for various downstream tasks, e.g. style learning, super-resolution, text-image ranking and fashion design, and methods to stabilize pretraining, e.g. eliminating NaN losses. CogView achieves the state-of-the-art FID on the blurred MS COCO dataset, outperforming previous GAN-based models and a recent similar work DALL-E.},
      booktitle = {Proceedings of the 35th International Conference on Neural Information Processing Systems},
      articleno = {1516},
      numpages = {14},
      series = {NIPS '21}
}
@misc{zhou2022lafitelanguagefreetrainingtexttoimage,
      title={LAFITE: Towards Language-Free Training for Text-to-Image Generation}, 
      author={Yufan Zhou and Ruiyi Zhang and Changyou Chen and Chunyuan Li and Chris Tensmeyer and Tong Yu and Jiuxiang Gu and Jinhui Xu and Tong Sun},
      year={2022},
      eprint={2111.13792},
      archivePrefix={arXiv},
      primaryClass={cs.CV},
      url={https://arxiv.org/abs/2111.13792}, 
}
@inproceedings{rezende2014stochasticbackpropagationapproximateinference,
      title={Stochastic Backpropagation and Approximate Inference in Deep Generative Models}, 
      author={Danilo Jimenez Rezende and Shakir Mohamed and Daan Wierstra},
      year = {2014},
      publisher = {JMLR.org},
      booktitle = {Proceedings of the 31st International Conference on International Conference on Machine Learning - Volume 32},
      pages = {II–1278–II–1286},
      location = {Beijing, China},
      series = {ICML'14}
}
@inproceedings{gafni2022makeascenescenebasedtexttoimagegeneration,
      title={Make-A-Scene: Scene-Based Text-to-Image Generation with Human Priors}, 
      author={Oran Gafni and Adam Polyak and Oron Ashual and Shelly Sheynin and Devi Parikh and Yaniv Taigman},
      year={2022},
      eprint={2203.13131},
      archivePrefix={arXiv},
      primaryClass={cs.CV},
      url={https://arxiv.org/abs/2203.13131}, 
      booktitle="Computer Vision -- ECCV 2022",
      publisher="Springer Nature Switzerland",
      address="Cham",
      pages="89--106",
      isbn="978-3-031-19784-0"
}
@misc{obukhov2020torchfidelity,
  author={Anton Obukhov and Maximilian Seitzer and Po-Wei Wu and Semen Zhydenko and Jonathan Kyl and Elvis Yu-Jing Lin},
  year=2020,
  title={High-fidelity performance metrics for generative models in PyTorch},
  url={https://github.com/toshas/torch-fidelity},
  publisher={Zenodo},
  version={v0.3.0},
  doi={10.5281/zenodo.4957738},
  note={Version: 0.3.0, DOI: 10.5281/zenodo.4957738}
}

  




